% This file was created with JabRef 2.10.
% Encoding: UTF-8


@Other{zigbee,
  Title                    = {network specification of Zigbee},
  Author                   = {Zigbee Alliance},
  Url                      = {http://www.zigbee.org/zigbee-for-developers/network-specifications/zigbeeip/},
  Year                     = {2016}
}

@Misc{coapCode,
  Author                   = {Christian Amsüss, Maciej Wasilak},
  Year                     = {2012},

  Owner                    = {snorriste},
  Timestamp                = {2016.11.07},
  Url                      = {http://coap.technology/}
}

@Misc{contiki,
  Title                    = {Contiki-OS},

  Author                   = {Contiki},

  Owner                    = {snorriste},
  Timestamp                = {2016.11.06},
  Url                      = {https://github.com/contiki-os/contiki}
}

@Other{TB,
  Title                    = {Thelos B datasheet},
  Author                   = {Crossbow},
  Url                      = {https://www.cse.iitb.ac.in/synerg/lib/exe/fetch.php?media=public:proj:sujesha:telosb_datasheet.pdf},
  Year                     = {2016}
}

@Other{Edyn,
  Title                    = {Description of Edyn},
  Author                   = {Edyn},
  Url                      = {https://www.edyn.com/},
  Year                     = {2016}
}

@Electronic{pi,
  Title                    = {Raspberry pi 3 model b},
  Author                   = {Raspberry Fundation},
  Month                    = {10},
  Url                      = {https://www.raspberrypi.org/products/raspberry-pi-3-model-b/},
  Year                     = {2016},

  Owner                    = {snorriste},
  Timestamp                = {2016.10.02}
}

@Other{ipv6,
  Title                    = {ipv6},
  Author                   = {google},
  Url                      = {https://www.google.com/intl/en/ipv6/},
  Year                     = {2016}
}

@Article{802154,
  Title                    = {IEEE Standards for Local and Metropolitan Area Networks},
  Author                   = {IEEE},
  Year                     = {1995},

  Journaltitle             = {802-2014 - IEEE Standard for Local and Metropolitan Area Networks: Overview and Architecture}
}

@Electronic{block-cc2650,
  Title                    = {TI Designs - Multi-Standard CC2650 SensorTag Design Guide},
  Author                   = {Texas Instruments},
  Month                    = {10},
  Url                      = {http://www.ti.com/lit/ug/tidu862/tidu862.pdf},
  Year                     = {2016},

  Owner                    = {snorriste},
  Timestamp                = {2016.10.02}
}

@Electronic{TIsensortag,
  Title                    = {TI Sensor Tag},
  Author                   = {Texas Instruments},
  Month                    = {Oct},
  Url                      = {http://www.ti.com/ww/en/wireless_connectivity/sensortag2015/},
  Year                     = {2016},

  Owner                    = {snorriste},
  Timestamp                = {2016.10.01}
}

@Other{coap,
  Title                    = {MQTT and CoAP IoT Protocols},
  Author                   = {Toby Jaffey},
  Editor                   = {Eclipse},
  Url                      = {http://www.eclipse.org/community/eclipse_newsletter/2014/february/article2.php},
  Year                     = {2014}
}

@Other{6lbr,
  Title                    = {6LBR},
  Author                   = {Laurent Deru, Sébastien Dawans and Mathieu Ocana},
  Url                      = {https://github.com/cetic/6lbr/wiki/Example-1:-Hello-6LBR},
  Year                     = {2016}
}

@Other{mode,
  Title                    = {6LBR Modes},
  Author                   = {Laurent Deru, Sébastien Dawans and Mathieu Ocana},
  Url                      = {https://github.com/cetic/6lbr/wiki/6LBR-Modes},
  Year                     = {2016}
}

@Other{MyPlantlink,
  Title                    = {MyPlantlink, How it works},
  Author                   = {Myplantlink},
  Url                      = {https://myplantlink.com/how-it-works},
  Year                     = {2016}
}

@Electronic{slide,
  Title                    = {slide of the course Networked Embedded Systems taught by dr Najid Nabi at Eidhoven University of Technology},
  Author                   = {Najid Nabi},
  Url                      = {oncourse.tue.nl},
  Year                     = {2016}
}

@Other{parrot,
  Title                    = {Flower power by Parrot},
  Author                   = {Parrot},
  Url                      = {http://global.parrot.com/au/products/flower-power/},
  Year                     = {2016}
}

@Other{6lowpan,
  Title                    = {Internet of Things 802.15.4, 6LoWPAN, RPL, COAP},
  Author                   = {Jurgen Schonwalder},
  Url                      = {https://www.utwente.nl/ewi/dacs/colloquium/archive/2010/slides/2010-utwente-6lowpan-rpl-coap.pdf},
  Year                     = {2010}
}

@Other{why,
  Title                    = {6LoWPAN The wireless embedded Internet Part 1 Why 6LoWPAN},
  Author                   = {Zach Shelby and Carsten Bormann},
  Url                      = {http://www.eetimes.com/document.asp?doc_id=1278794&page_number=3},
  Year                     = {2011}
}

@Electronic{MEMS,
  Title                    = {Introduction to Microelectromechanical Systems (MEMS)},
  Author                   = {Brigham Young University},
  Month                    = {10},
  Url                      = {https://compliantmechanisms.byu.edu/content/introduction-microelectromechanical-systems-mems},
  Year                     = {2016},

  Owner                    = {snorriste},
  Timestamp                = {2016.10.02}
}

@comment{jabref-meta: databaseType:biblatex;}

