% This file was created with JabRef 2.10.
% Encoding: UTF-8


@Electronic{Alliance2016,
  Title                    = {Zigbee Communication Technology},
  Author                   = {Zigbee Alliance},
  Month                    = {10},
  Url                      = {http://www.zigbee.org/},
  Year                     = {2016},

  Owner                    = {snorriste},
  Timestamp                = {2016.10.02}
}

@Electronic{xbee,
  Title                    = {XBee-ZigBee},
  Author                   = {Zigbee Alliance},
  Month                    = {10},
  Url                      = {https://www.digi.com/products/models/xb24-awi-001},
  Year                     = {2016},

  Owner                    = {snorriste},
  Timestamp                = {2016.10.02}
}

@Other{zigbee,
  Title                    = {network specification of Zigbee},
  Author                   = {Zigbee Alliance},
  Date                     = {3-10},
  Url                      = {http://www.zigbee.org/zigbee-for-developers/network-specifications/zigbeeip/},
  Year                     = {2016}
}

@Other{Edyn,
  Title                    = {Description of Edyn},
  Author                   = {Edyn},
  Date                     = {3-10},
  Url                      = {https://www.edyn.com/},
  Year                     = {2016}
}

@Electronic{block-cc2650,
  Title                    = {TI Designs - Multi-Standard CC2650 SensorTag Design Guide},
  Author                   = {Texas Instruments},
  Month                    = {10},
  Url                      = {http://www.ti.com/lit/ug/tidu862/tidu862.pdf},
  Year                     = {2016},

  Owner                    = {snorriste},
  Timestamp                = {2016.10.02}
}

@Electronic{TIsensortag,
  Title                    = {TI Sensor Tag},
  Author                   = {Texas Instruments},
  Month                    = {Oct},
  Url                      = {http://www.ti.com/ww/en/wireless_connectivity/sensortag2015/},
  Year                     = {2016},

  Owner                    = {snorriste},
  Timestamp                = {2016.10.01}
}

@Article{802-15-4,
  Title                    = {IEEE Standards for Local and Metropolitan Area Networks},
  Author                   = {Metropolitan, A},
  Year                     = {1995}
}

@Other{MyPlantlink,
  Title                    = {MyPlantlink, How it works},
  Author                   = {Myplantlink},
  Date                     = {3-10},
  Url                      = {https://myplantlink.com/how-it-works},
  Year                     = {2016}
}

@Other{parrot,
  Title                    = {Flower power by Parrot},
  Author                   = {Parrot},
  Date                     = {3-10},
  Url                      = {http://global.parrot.com/au/products/flower-power/},
  Year                     = {2016}
}

@Article{rhee2008z,
  Title                    = {Z-mac: a hybrid mac for wireless sensor networks},
  Author                   = {Rhee, Injong and Warrier, Ajit and Aia, Mahesh and Min, Jeongki and Sichitiu, Mihail L},
  Journal                  = {IEEE/ACM Transactions on Networking (TON)},
  Year                     = {2008},
  Number                   = {3},
  Pages                    = {511--524},
  Volume                   = {16},

  Publisher                = {IEEE Press}
}

@Electronic{MEMS,
  Title                    = {Introduction to Microelectromechanical Systems (MEMS)},
  Author                   = {Brigham Young University},
  Month                    = {10},
  Url                      = {https://compliantmechanisms.byu.edu/content/introduction-microelectromechanical-systems-mems},
  Year                     = {2016},

  Owner                    = {snorriste},
  Timestamp                = {2016.10.02}
}

@Electronic{slide,
  Title                    = {slide of the course "Networked Embedded Systems" taught by dr.Najid Nabi at Eidhoven University of Technology},
  Year                     = {2016}
}

